<?xml version="1.0" encoding="UTF-8"?><collection xmlns="http://www.loc.gov/MARC21/slim"><record><leader>00416nam--2200145-i-4500</leader><controlfield tag="001">000014888</controlfield><controlfield tag="002">20161230</controlfield><controlfield tag="005">20161230201031</controlfield><controlfield tag="008">060222s1000------------r-----000-0-eng-d</controlfield><datafield ind1=" " ind2=" " tag="080"><subfield code="a">92</subfield></datafield><datafield ind1=" " ind2=" " tag="245"><subfield code="a">Leopold infeld-his life and scientific work</subfield></datafield><datafield ind1=" " ind2=" " tag="260"><subfield code="a">Warszawa, Polish Scientific Publishers,1978. 179p</subfield></datafield><datafield ind1=" " ind2=" " tag="490"><subfield code="a">Polish Men Of Science</subfield></datafield><datafield ind1=" " ind2=" " tag="700"><subfield code="a">Bialynichi-birula,I., Trautman, A., Infield,E</subfield></datafield><datafield ind1=" " ind2=" " tag="852"><subfield code="a">75824</subfield></datafield></record></collection>